@ARTICLE{Joachims:2008,
AUTHOR = {Joachims, Y. Yang, Thorsten},
TITLE   = {Text categorization},
YEAR    = {2008},
JOURNAL = {Scholarpedia},
VOLUME  = {3},
NUMBER  = {5},
PAGES   = {4242}
}

@article{HCHCAGAG19970101,
    Author = {Yang, Y. and Pedersen, J.O.},
    Pages = {412 - 420},
    Title = {A comparative study on feature selection in text categorization.},
    URL = {https://ezp.lib.unimelb.edu.au/login?url=https://search-ebscohost-com.ezp.lib.unimelb.edu.au/login.aspx?direct=true&db=edsref&AN=HCHCAGAG&site=eds-live},
    Year = {1997},
}
